@misc{webRatio,
    author = { R.Acerbis and A.Bongio and M.Brambilla and S.Butti and S.Ceri and P.Fraternali},
    title = {Web Applications Design and Development with WebML and WebRatio 5.0},
    howpublished = "In: 46th International Conference, TOOLS EUROPE 2008.Springer, Zurich",
    year = {2008}
}

@misc{dictator,
    author = {D.Bachhuber and J.Martinez and M.Haines-Young and R.Swain and U.Pogson},
    title = {Dictator,},
    note = {\url{http://github.com/danielbachhuber/dictator}}
}

@misc{wikiScafolding,
    author = {O.Diaz and G.Puente},
    title = {Wiki Scaffolding: Aligning wikis with the corporate strategy},
    howpublished = "In: Elsevier, Volume 37, Issue 8, December 2012, pp. 737-752. San Sebastian",
    year = {2012}
}

@misc{emfPresent,
    author = {{Eclipse Foundation}},
    title = {Eclipse Modeling Framework Project (EMF),},
    note = {\url{http://eclipse.org/modeling/emf/}}
}

@misc{eclipseProduct,
    author = {{Eclipse Foundation}},
    title = {What is an Eclipse product ?,},
    note = {\url{http://wiki.eclipse.org/FAQ_What_is_an_Eclipse_product\%3F}}
}

@misc{xtext,
    author = {{Eclipse Foundation}},
    title = {XText,},
    note = {\url{http://eclipse.org/Xtext/}}
}

@misc{metaExplanation,
    author = {G.Genova},
    title = {Modeling and metamodeling in Model Driven Development},
    howpublished = "In: Doctorate Seminar, Department of Electrical Engineering, Warsaw University of Technology, May 14-15 2009. Varsaw",
    year = {2009}
}

@misc{lively,
    author = {{Hasso Plattner Institut}},
    title = {Lively Kernel,},
    note = {\url{http://www.lively-kernel.org/}}
}

@misc{jsonRpc,
    author = {{JSON-RPC Working Group}},
    title = {JSON-RPC,},
    note = {\url{http://json-rpc.org/}}
}

@misc{livelyFabrik,
    author = {J.Lincke and R.Krahn and D.Ingalls and R.Hirschfeld},
    title = {Lively Fabrik A Web-based End-user Programming Environment},
    howpublished = "Creating, Connecting and Collaborating through Computing, 2009. C5 '09. Seventh International Conference on, 19-22 Jan. 2009, pp.11-19. IEEEXplore, Kyoto",
    year = {2009}
}

@misc{dslMashups,
    author = {E.Maximilien and H.Wilkinson and N.Desai and S.Tai},
    title = {A Domain-Specific Language for Web APIs and Services Mashups},
    howpublished = "Fifth International Conference, September 17-20, 2007. Proceedings, pp. 13-26. Springer, Vienna",
    year = {2007}
}

@misc{freeplane,
    author = {J.Mueller and D.Polansky and P.Novak and C.Foltin and D.Polivaev and P.Cuklin and V.Boerchers and R.Wesley},
    title = {Free mind mapping and knowledge management software,},
    note = {\url{http://freeplane.sourceforge.net/wiki/index.php/Main_Page}}
}

@misc{cmsAdvDraw,
    author = {TheWebShoppe},
    title = {Pros and Cons of a Content Management System (CMS),},
    note = {\url{http://thewebshoppe.net/pros-and-cons-of-a-content-management-system-cms/}}
}

@misc{wsol,
    author = {V.Tosic and B.Pagurek and K.Patel and B.Esfandiari and W.Ma},
    title = {Management Applications of the Web Service Offerings Language (WSOL)},
    howpublished = "15th International Conference, CAiSE 2003 Klagenfurt/Velden, Austria, June 16â€“20, 2003 Proceedings, pp. 468-484. Springer, Klagenfurt",
    year = {2003}
}

@misc{conceptMod,
    author = {{O.De Troyer} and T.Decruyenaere},
    title = {Conceptual modelling of web sites for end-users},
    howpublished = "World Wide Web journal, Volume 3, Issue 1 , pp. 27-42. Springer, Belgium",
    year = {2000}
}

@misc{dslDefine,
    author = {{A.Van Deursen} and P.Klint and J.Visser},
    title = {Domain-Specific Languages : An Annotated Bibliography},
    howpublished = "Acm Sigplan Notices Journal, Volume 35, pp. 26-36. Amsterdam",
    year = {2000}
}

@misc{xmlPresent,
    author = {W3C},
    title = {Extensible Markup Language(XML),},
    note = {\url{http://www.w3.org/XML/}}
}

@misc{cmsRepartition,
    author = {W3Techs},
    title = {CMS repartition,},
    note = {\url{http://w3techs.com/technologies/overview/content_management/all}}
}

@misc{topTheme,
    author = {Wordpress.org},
    title = {Themes Directory,},
    note = {\url{http://wordpress.org/themes/browse/popular/}}
}