@article{eclipseProduct,
author = {EclipseFoundation},
year = {2013},
title = {What is an Eclipse product ? (Online : 'http://www.eclipse
.org/Xtext/' - accessed Dec-30-2013)}}
}
@article{xtext,
author = {EclipseFoundation},
year = {2013},
title = {XText (Online : 'http://www.eclipse.org/Xtext/' - accessed Dec-30-2013)}}
}

@article{metaExplanation,
author = {G.Genova},
year = {2009},
title = {{Modeling and metamodeling in Model Driven Development (Online : 'http://www.ie.inf.uc3m.es/ggenova/Warsaw/Part3.pdf' - accessed Jan-25-2013)}}
}

@article{freeplane,
author = {Sourceforge},
year = {2013},
title = {{Free mind mapping and knowledge management software (Online : 'http://freeplane.sourceforge.net/wiki/index.php/Main\_Page' - accessed Jan-16-2013)}}
}

@article{dsl,
author = {A.Van Deursen and P.Klint and J.Visser},
year = {2000},
title = {{Domain-Specific Languages : An Annotated Bibliography. (Online : 'http://138.26.64.7/courses/cs593/
spring2010/DSLAnnotatedBib.pdf' - accessed Jan-05-2013)}},
publisher={Sigplan Notices} 
}
@article{cmsRepartition,
author = {W3Techs},
year = {2013},
title = {{CMS repartition (Online : 'www.w3techs.com/technologies/overview/
content\_management/all' - accessed Dec-19-2013)}}
}